% Referenced from book
@book{MonkeyKing:1,
  author    = {Katniss Everdeen},
  title     = {The Mokingjay},
  publisher = {Hungar Game},
  year      = {2300}
}
% Referenced from article
@article{ARTICLE:1,
  author  = {John Doe},
  title   = {Title},
  journal = {Journal},
  year    = {2017}
}
% Referenced in book (specific pages)
@inbook{BOOK:2,
  author    = {John Doe},
  title     = {The Book without Title},
  publisher = {Dummy Publisher},
  year      = {2100},
  pages     = {100-200}
}
% Referenced from website
@misc{WEBSITE:1,
  howpublished = {\url{http://example.com}},
  author       = {Intel},
  title        = {Example Website},
  month        = {Dec},
  year         = {1988},
  note         = {Accessed on 2012-11-11}
}

% Referenced from website
@misc{ResearchGateNN:1,
  title        = {A Brief Review of Neural Networks},
  howpublished = {\url{https://www.researchgate.net/publication/XXXXX}},
  note         = {Accessed on 6/12/2024}
}


% Referenced from article
@article{Ruch2003SpellingCorrectionEPR,
  author  = {Patrick Ruch and Robert Baud and Antoine Geissbühler},
  title   = {Using lexical disambiguation and named-entity recognition to improve spelling correction in the electronic patient record},
  journal = {Artificial Intelligence in Medicine},
  volume  = {29},
  number  = {1-2},
  pages   = {169-184},
  year    = {2003}
}

% Referenced from preprint
@misc{Wasi2024BengaliBiases,
  author       = {Azmine Toushik Wasi and Raima Islam and Mst Rafia Islam and Taki Hasan Rafi and Dong-Kyu Chae},
  title        = {Exploring Bengali Religious Dialect Biases in Large Language Models with Evaluation Perspectives},
  howpublished = {\url{https://arxiv.org/abs/2407.18376v1}},
  year         = {2024},
  note         = {arXiv preprint arXiv:2407.18376v1 [cs.HC], License: CC BY-NC-ND 4.0}
}
% Referenced from website
@misc{AnalyticsVidhya2018Regularization,
  author       = {Analytics Vidhya},
  title        = {Fundamentals of Deep Learning – Regularization Techniques},
  howpublished = {\url{https://www.analyticsvidhya.com/blog/2018/04/fundamentals-deep-learning-regularization-techniques/}},
  month        = {April},
  year         = {2018},
  note         = {Accessed on 2025-01-20}
}
% Referenced from website
@misc{DataCamp2025NER,
  author       = {DataCamp},
  title        = {What is Named Entity Recognition (NER)?},
  howpublished = {\url{https://www.datacamp.com/blog/what-is-named-entity-recognition-ner}},
  month        = {January},
  year         = {2025},
  note         = {Accessed on 2025-01-20}
}


