% Referenced from book
@BOOK{MonkeyKing:1,
AUTHOR="Katniss Everdeen",
TITLE="The Mokingjay",
PUBLISHER="Hungar Game",
YEAR="2300",
}
% Referenced from article
@ARTICLE{ARTICLE:1,
    AUTHOR="John Doe",
    TITLE="Title",
    JOURNAL="Journal",
    YEAR="2017",
}
% Referenced in book (specific pages)
@INBOOK{BOOK:2,
    AUTHOR="John Doe",
    TITLE="The Book without Title",
    PUBLISHER="Dummy Publisher",
    YEAR="2100",
    PAGES="100-200",
}
% Referenced from website
@MISC{WEBSITE:1,
    HOWPUBLISHED = "\url{http://example.com}",
    AUTHOR = "Intel",
    TITLE = "Example Website",
    MONTH = "Dec",
    YEAR = "1988",
    NOTE = "Accessed on 2012-11-11"
}
% other \bibliographystyle abbrv, alpha, apalike, ieeetr, plain